<?xml version="1.0" encoding="UTF-8"?>
<collection xmlns:xsi="http://www.w3.org/2001/XMLSchema-instance" xsi:schemaLocation="http://www.loc.gov/MARC21/slim http://www.loc.gov/standards/marcxml/schema/MARC21slim.xsd" xmlns="http://www.loc.gov/MARC21/slim">
<record>
  <leader>01384cam a2200265 a 4500</leader>
  <controlfield tag="001">2983694</controlfield>
  <controlfield tag="003">NNC</controlfield>
  <controlfield tag="005">20151221160416.0</controlfield>
  <controlfield tag="008">920528s1900    ua            000 0 arar </controlfield>
  <datafield tag="010" ind1=" " ind2=" ">
    <subfield code="a">   59044133 </subfield>
  </datafield>
  <datafield tag="035" ind1=" " ind2=" ">
    <subfield code="a">(OCoLC)ocm25905259</subfield>
  </datafield>
  <datafield tag="035" ind1=" " ind2=" ">
    <subfield code="9">ASN0881CU</subfield>
  </datafield>
  <datafield tag="035" ind1=" " ind2=" ">
    <subfield code="a">(NNC)2983694</subfield>
  </datafield>
  <datafield tag="040" ind1=" " ind2=" ">
    <subfield code="a">DLC</subfield>
    <subfield code="c">MBB</subfield>
    <subfield code="d">MBB</subfield>
    <subfield code="d">ZCU</subfield>
  </datafield>
  <datafield tag="050" ind1="0" ind2=" ">
    <subfield code="a">PJ6101</subfield>
    <subfield code="b">.S5 1898</subfield>
  </datafield>
  <datafield tag="090" ind1=" " ind2=" ">
    <subfield code="a">PJ6101</subfield>
    <subfield code="b">.S5</subfield>
  </datafield>
  <datafield tag="100" ind1="1" ind2=" ">
    <subfield code="a">Sībawayh, ʻAmr ibn ʻUthmān,</subfield>
    <subfield code="d">active 8th century.</subfield>
  </datafield>
  <datafield tag="240" ind1="1" ind2="0">
    <subfield code="a">Kitāb</subfield>
  </datafield>
  <datafield tag="245" ind1="1" ind2="0">
    <subfield code="a">Kitāb Abī Bishr ʻAmr al-Mulaqqab Sībawayh :</subfield>
    <subfield code="b">wa-bi-hāmishihi taqrīrāt wa-zabad min sharḥ Abī Saʻīd al-Sīrāfī fa-huwa al-kitāb al-wāfir al-wāfī, wa-min ghayrih ayḍan ; wa-bi-ʻasfal al-Ṣaḥīfah bi-al-Qāʻidah al-Ṣaghīrah Sharḥ al-Shawāhid al-Musammá ; Taḥṣīl ʻayn al-dhahab min maʻdin jawhar al-adab fī ʻilm majāzāt al-ʻArab, li-Yūsuf ibn Sulaymān ibn ʻĪsá al-Shantamarī.</subfield>
  </datafield>
  <datafield tag="260" ind1=" " ind2=" ">
    <subfield code="a">Būlāq :</subfield>
    <subfield code="b">al-Maṭbaʻah al-Kubrá al-Amīrīyah,</subfield>
    <subfield code="c">[1900].</subfield>
  </datafield>
  <datafield tag="300" ind1=" " ind2=" ">
    <subfield code="a">2 v. ;</subfield>
    <subfield code="c">29 cm.</subfield>
  </datafield>
  <datafield tag="650" ind1=" " ind2="0">
    <subfield code="a">Arabic language</subfield>
    <subfield code="x">Grammar.</subfield>
  </datafield>
  <datafield tag="700" ind1="1" ind2=" ">
    <subfield code="a">Sīrāfī, al-Ḥasan ibn ʻAbd Allāh,</subfield>
    <subfield code="d">approximately 893-approximately 979.</subfield>
  </datafield>
  <datafield tag="700" ind1="1" ind2="2">
    <subfield code="a">Aʻlam al-Shantamarī, Yūsuf ibn Sulaymān,</subfield>
    <subfield code="d">1019 or 1020-1083 or 1084.</subfield>
    <subfield code="t">Taḥşīl ʻayn al-dhahb min maʻdin jawhar al-Adab fī ʻilm majāzāt al-ʻArab.</subfield>
  </datafield>
  <datafield tag="955" ind1=" " ind2=" ">
    <subfield code="b">0045342920</subfield>
    <subfield code="d">glx</subfield>
    <subfield code="e">893.74 Si111</subfield>
    <subfield code="v">v.1</subfield>
  </datafield>
</record>
</collection>